@inproceedings{broquedis2010hwloc,
  title={hwloc: A generic framework for managing hardware affinities in HPC applications},
  author={Broquedis, Fran{\c{c}}ois and Clet-Ortega, J{\'e}r{\^o}me and Moreaud, St{\'e}phanie and Furmento, Nathalie and Goglin, Brice and Mercier, Guillaume and Thibault, Samuel and Namyst, Raymond},
  booktitle={2010 18th Euromicro Conference on Parallel, Distributed and Network-based Processing},
  pages={180--186},
  year={2010},
  organization={IEEE}
}

@incollection{balaji2010pmi,
  title={PMI: A scalable parallel process-management interface for extreme-scale systems},
  author={Balaji, Pavan and Buntinas, Darius and Goodell, David and Gropp, William and Krishna, Jayesh and Lusk, Ewing and Thakur, Rajeev},
  booktitle={Recent Advances in the Message Passing Interface},
  pages={31--41},
  year={2010},
  publisher={Springer}
}

@techreport{thakur1997users,
  title={Users guide for ROMIO: A high-performance, portable MPI-IO implementation},
  author={Thakur, Rajeev and Lusk, Ewing and Gropp, William},
  year={1997},
  institution={Technical Report ANL/MCS-TM-234, Mathematics and Computer Science Division, Argonne National Laboratory}
}

