@article{didelot2014improving,
	title={Improving MPI communication overlap with collaborative polling},
	author={Didelot, Sylvain and Carribault, Patrick and P{\'e}rache, Marc and Jalby, William},
	journal={Computing},
	volume={96},
	number={4},
	pages={263--278},
	year={2014},
	publisher={Springer}
}

@incollection{maheo2012adaptive,
	title={Adaptive openmp for large numa nodes},
	author={Mah{\'e}o, Aur{\`e}le and Kolia{\"\i}, Souad and Carribault, Patrick and P{\'e}rache, Marc and Jalby, William},
	booktitle={OpenMP in a Heterogeneous World},
	pages={254--257},
	year={2012},
	publisher={Springer}
}

@inproceedings{tchiboukdjian2012hierarchical,
	title={Hierarchical local storage: Exploiting flexible user-data sharing between MPI tasks},
	author={Tchiboukdjian, Marc and Carribault, Patrick and P{\'e}rache, Marc},
	booktitle={Parallel \& Distributed Processing Symposium (IPDPS), 2012 IEEE 26th International},
	pages={366--377},
	year={2012},
	organization={IEEE}
}

@incollection{carribault2011thread,
	title={Thread-local storage extension to support thread-based MPI/openMP applications},
	author={Carribault, Patrick and P{\'e}rache, Marc and Jourdren, Herv{\'e}},
	booktitle={OpenMP in the Petascale Era},
	pages={80--93},
	year={2011},
	publisher={Springer}
}

@inproceedings{pouget2010user,
	title={User level DB: a debugging API for user-level thread libraries},
	author={Pouget, Kevin and P{\'e}rache, Marc and Carribault, Patrick and Jourdren, Herv{\'e}},
	booktitle={Parallel \& Distributed Processing, Workshops and Phd Forum (IPDPSW), 2010 IEEE International Symposium on},
	pages={1--7},
	year={2010},
	organization={IEEE}
}

@incollection{carribault2010enabling,
	title={Enabling low-overhead hybrid MPI/OpenMP parallelism with MPC},
	author={Carribault, Patrick and P{\'e}rache, Marc and Jourdren, Herv{\'e}},
	booktitle={Beyond Loop Level Parallelism in OpenMP: Accelerators, Tasking and More},
	pages={1--14},
	year={2010},
	publisher={Springer}
}

@incollection{perache2009mpc,
	title={MPC-MPI: An MPI implementation reducing the overall memory consumption},
	author={P{\'e}rache, Marc and Carribault, Patrick and Jourdren, Herv{\'e}},
	booktitle={Recent Advances in Parallel Virtual Machine and Message Passing Interface},
	pages={94--103},
	year={2009},
	publisher={Springer}
}

@incollection{perache2008mpc,
	title={MPC: A unified parallel runtime for clusters of NUMA machines},
	author={P{\'e}rache, Marc and Jourdren, Herv{\'e} and Namyst, Raymond},
	booktitle={Euro-Par 2008--Parallel Processing},
	pages={78--88},
	year={2008},
	publisher={Springer}
}

