@inproceedings{Perache08,
  author = {Marc P\'erache and Herv\'e Jourdren and Raymond Namyst},
  title = {{MPC}: A Unified Parallel Runtime for Clusters of {NUMA} Machines},
  booktitle = {Proceedings of the 14th International Euro-Par Conference (Euro-Par 2008)},
  address = {Las Palmas de Gran Canaria, Spain},
  month = {August},
  year = {2008}
}

@inproceedings{Perache09,
  author = {Marc P\'erache and Patrick Carribault and Herv\'e Jourdren},
  title = {{MPC-MPI: An MPI Implementation Reducing the Overall Memory Consumption}},
  booktitle = {16th European PVM/MPI Users' Group Meeting (EuroPVM/MPI 2009)},
  address = {Finland},
  month = {September},
  year = {2009}
}

@inproceedings{Pouget10,
  author = {Kevin Pouget and Marc P\'erache and Patrick Carribault and Herv\'e Jourdren},
  title = {User Level {DB}: a Debugging {API} for User-Level Thread Libraries},
  booktitle = {Workshop on Multi-Threaded Architectures and Applications (MTAAP 2010) in conjunction with IPDPS 2010},
  address = {Atlanta, GE},
  month = {April},
  year = {2010}
}

@inproceedings{Carribault10,
  author = {Patrick Carribault and Marc P\'erache and Herv\'e Jourdren},
  title = {Enabling Loz-Overhead Hybrid {MPI}/{OpenMP} Parallelism with {MPC}},
  booktitle = {To appear in International Workshop on {OpenMP} (IWOMP'10)},
  address = {Tsukuba, Japan},
  month = {June},
  year = {2010}
}
